% TODO WRITER: add sources
@www{astra_pen_test_vs_red_teaming,
	author = {Aakanchha Keshri},
	title = {Red Teaming vs Penetration Testing – Which One to Choose & Why?},
	date = {2022-09-21},
	url = {https://www.getastra.com/blog/security-audit/red-teaming-vs-penetration-testing/},
	urlvisited = {2022-11-29},
}

@book{red_team_oakley_2019,
	place={Berkeley, CA},
	title={Professional Red Teaming: Conducting Successful Cybersecurity engagements},
	publisher={Apress},
	author={Oakley, Jacob G.},
	year={2019}
}

% todo del testing articles
@webarticle{html_hypertext_markup_language,
	title = {HTML: HyperText Markup Language},
	url = {https://developer.mozilla.org/en-US/docs/Web/HTML},
	urlvisited = {2021-08-11},
	author = {{MDN contributors}},
	journal = {mdn}
}

@webarticle{hibernate_docs,
	author = {Vlad Mihalcea and Steve Ebersole and Andrea Boriero and Gunnar Morling and Gail Badner and Chris Cranford and Emmanuel Bernard and Sanne Grinovero and Brett Meyer and Hardy Ferentschik and Gavin King and Christian Bauer and Max Rydahl Andersen and Karel Maesen and Radim Vansa and Louis Jacomet},
	title = {Hibernate ORM 6.0.0.Final User Guide},
	url = {https://docs.jboss.org/hibernate/orm/6.0/userguide/html_single/Hibernate_User_Guide.html},
	urlvisited = {2022-04-15},
	journal = {Hibernate},
}

@book{ddd_quickly,
	author = {Abel Avran and Floyd Marinescu},
	title = {Domain-Driven Design Quickly},
	year = {2006}
}

@webarticle{vizualni_rovnovaha,
	author = {Lukáš Augusta},
	title = {Vizuální rovnováha v návrhu UI},
	urlvisited = {2022-04-09},
	journal = {Designui},
	url = {https://www.designui.cz/lekce/vizualni-rovnovaha-v-navrhu-ui}
}